<record><leader>00000cas a22000007a 4500</leader><controlfield tag="001">36107979</controlfield><controlfield tag="008">961218d18951913okuwr n       0    0eng d</controlfield><datafield ind1=" " ind2=" " tag="010"><subfield code="a">sn 96093311 </subfield></datafield><datafield ind1=" " ind2=" " tag="040"><subfield code="a">OBN</subfield><subfield code="b">eng</subfield><subfield code="c">OBN</subfield><subfield code="d">OCLCQ</subfield><subfield code="d">OCLCF</subfield><subfield code="d">OCLCO</subfield></datafield><datafield ind1="1" ind2=" " tag="029"><subfield code="a">AU@</subfield><subfield code="b">000013023303</subfield></datafield><datafield ind1=" " ind2=" " tag="042"><subfield code="a">msc</subfield></datafield><datafield ind1=" " ind2=" " tag="043"><subfield code="a">n-us-ok</subfield></datafield><datafield ind1="0" ind2="0" tag="245"><subfield code="a">Fairland news.</subfield></datafield><datafield ind1=" " ind2=" " tag="260"><subfield code="a">Fairland, Indian Territory [Okla.] :</subfield><subfield code="b">W.A. Keel</subfield></datafield><datafield ind1=" " ind2=" " tag="300"><subfield code="a">v.</subfield></datafield><datafield ind1=" " ind2=" " tag="310"><subfield code="a">Weekly</subfield></datafield><datafield ind1="0" ind2=" " tag="362"><subfield code="a">Vol. 3, no. 31 (May 3, 1895)- ; v. 1, no. 1 (May 12, 1905)-v. 9, no. 20 (June 28, 1907); v. 1, no. 1 (Mar. 27, 1908)-v. 6, no. 24 (Aug. 29, 1913).</subfield></datafield><datafield ind1=" " ind2=" " tag="500"><subfield code="a">Suspended publication in 1895?; resumed with May 12, 1905 issue.</subfield></datafield><datafield ind1=" " ind2=" " tag="500"><subfield code="a">Suspended publication June 28, 1907; resumed with Mar. 27, 1908 issue.</subfield></datafield><datafield ind1=" " ind2="0" tag="651"><subfield code="a">Fairland (Okla.)</subfield><subfield code="v">Newspapers.</subfield></datafield><datafield ind1=" " ind2="0" tag="651"><subfield code="a">Ottawa County (Okla.)</subfield><subfield code="v">Newspapers.</subfield></datafield><datafield ind1=" " ind2="0" tag="651"><subfield code="a">Indian Territory</subfield><subfield code="v">Newspapers.</subfield></datafield><datafield ind1=" " ind2="7" tag="655"><subfield code="a">Newspapers.</subfield><subfield code="2">fast</subfield><subfield code="0">(OCoLC)fst01423814</subfield></datafield><datafield ind1=" " ind2="7" tag="651"><subfield code="a">Oklahoma</subfield><subfield code="z">Fairland.</subfield><subfield code="2">fast</subfield><subfield code="0">(OCoLC)fst01872527</subfield></datafield><datafield ind1=" " ind2="7" tag="651"><subfield code="a">Oklahoma</subfield><subfield code="z">Indian Territory.</subfield><subfield code="2">fast</subfield><subfield code="0">(OCoLC)fst01225150</subfield></datafield><datafield ind1=" " ind2="7" tag="651"><subfield code="a">Oklahoma</subfield><subfield code="z">Ottawa County.</subfield><subfield code="2">fast</subfield><subfield code="0">(OCoLC)fst01223116</subfield></datafield><datafield ind1=" " ind2=" " tag="752"><subfield code="a">United States</subfield><subfield code="b">Oklahoma</subfield><subfield code="c">Ottawa</subfield><subfield code="d">Fairland.</subfield></datafield><datafield ind1="0" ind2="0" tag="780"><subfield code="t">Afton news (Afton, Okla.)</subfield><subfield code="w">(DLC)sn 96093310</subfield><subfield code="w">(OCoLC)36107932</subfield></datafield><datafield ind1="0" ind2="7" tag="785"><subfield code="t">Fairland herald</subfield><subfield code="w">(DLC)sn 96093312</subfield><subfield code="w">(OCoLC)36108014</subfield></datafield><datafield ind1="0" ind2="7" tag="785"><subfield code="t">Fairland news=herald</subfield><subfield code="w">(DLC)sn 96093313</subfield><subfield code="w">(OCoLC)36108065</subfield></datafield></record>